@article{RadhakrishnanSrinivasan2000-Hypergraph2Coloring,
    author = {Jaikumar Radhakrishnan and Aravind Srinivasan},
    title = {Improved bounds and algorithms for hypergraph 2-coloring},
    year = 2000,
    journal = {Random Structures \& Algorithms},
    volume = {16},
    number = {1},
    pages = {4--32},
    doi = {10.1002/(SICI)1098-2418(200001)16:1<4::AID-RSA2>3.0.CO;2-2},
}

@article{Erdos1964-CombinatorialProblemII,
    author = {Paul Erdős},
    title = {On a combinatorial problem. II},
    year = 1964,
    journal = {Acta Mathematica Academiae Scientiarum Hungarica},
    month = {Sep},
    day = {01},
    volume = {15},
    number = {3},
    pages = {445--447},
    issn = {1588--2632},
    doi = {10.1007/BF01897152},
}

@article{ErdosLovasz1974-3chromaticHypergrahs,
    author = {Paul Erdős and László Lovász},
    title = {Problems and results on 3-chromatic Hypergraphs and some related questions},
    year = 1974,
    month = {01},
    volume = {10},
    journal = {Infinite and finite sets},
    booktitle = {Colloquia Mathematica Societatis János Bolyai},
}

@article{Ostergard2014-PropertyB,
    title = {On the minimum size of $4$-uniform hypergraphs without property~{B}},
    author = {Patric R. J. Östergård},
    year = 2014,
    journal = {Discrete Applied Mathematics},
    volume = {163},
    pages = {199--204},
    note = {Optimal Discrete Structures and Algorithms ODSA 2010},
    issn = {0166-218X},
    doi = {10.1016/j.dam.2011.11.035},
}

@article{moser_tardos,
    AUTHOR = {Moser, Robin A. and Tardos, G{\'a}bor},
     TITLE = {A constructive proof of the general {L}ov\'asz local lemma},
   JOURNAL = {J. ACM},
  FJOURNAL = {Journal of the ACM},
    VOLUME = {57},
      YEAR = {2010},
    NUMBER = {2},
     PAGES = {Art. 11, 15},
      ISSN = {0004-5411},
   MRCLASS = {05D99 (68Q87 68W05)},
  MRNUMBER = {2606086},
MRREVIEWER = {Wenan Zang},
       DOI = {10.1145/1667053.1667060},
       URL = {http://dx.doi.org/10.1145/1667053.1667060},
}
		
@incollection{constructive_srinivasan,
    AUTHOR = {Haeupler, Bernhard and Saha, Barna and Srinivasan, Aravind},
     TITLE = {New constructive aspects of the {L}ov\'asz local lemma},
 BOOKTITLE = {2010 {IEEE} 51st {A}nnual {S}ymposium on {F}oundations of
              {C}omputer {S}cience {FOCS} 2010},
     PAGES = {397--406},
 PUBLISHER = {IEEE Computer Soc., Los Alamitos, CA},
      YEAR = {2010},
   MRCLASS = {68Q87 (05D40 68R05 68W10 68W20 68W25 68W40)},
  MRNUMBER = {3025213},
}

@article{frugal_reed,
    AUTHOR = {Hind, Hugh and Molloy, Michael and Reed, Bruce},
     TITLE = {Colouring a graph frugally},
   JOURNAL = {Combinatorica},
  FJOURNAL = {Combinatorica. An International Journal on Combinatorics and
              the Theory of Computing},
    VOLUME = {17},
      YEAR = {1997},
    NUMBER = {4},
     PAGES = {469--482},
      ISSN = {0209-9683},
   MRCLASS = {05C15},
  MRNUMBER = {1645682},
MRREVIEWER = {David E. Woolbright},
       DOI = {10.1007/BF01195001},
       URL = {http://dx.doi.org/10.1007/BF01195001},
}
		
@incollection{aspects_reed,
    AUTHOR = {Molloy, Michael and Reed, Bruce},
     TITLE = {Further algorithmic aspects of the local lemma},
 BOOKTITLE = {S{TOC} '98 ({D}allas, {TX})},
     PAGES = {524--529},
 PUBLISHER = {ACM, New York},
      YEAR = {1999},
   MRCLASS = {05C85},
  MRNUMBER = {1715600},
}
		
@incollection{lll_erdos,
    AUTHOR = {Erd{\H{o}}s, P. and Lov{\'a}sz, L.},
     TITLE = {Problems and results on {$3$}-chromatic hypergraphs and some
              related questions},
 BOOKTITLE = {Infinite and finite sets ({C}olloq., {K}eszthely, 1973;
              dedicated to {P}. {E}rd{\H o}s on his 60th birthday), {V}ol.
              {II}},
     PAGES = {609--627. Colloq. Math. Soc. J\'anos Bolyai, Vol. 10},
 PUBLISHER = {North-Holland, Amsterdam},
      YEAR = {1975},
   MRCLASS = {05C15},
  MRNUMBER = {0382050},
MRREVIEWER = {A. C.-F. Liu},
}

@article{leighton_congestion,
    AUTHOR = {Leighton, Tom and Maggs, Bruce and Richa, Andr{\'e}a W.},
     TITLE = {Fast algorithms for finding {$O$} (congestion + dilation)
              packet routing schedules},
   JOURNAL = {Combinatorica},
  FJOURNAL = {Combinatorica. An International Journal on Combinatorics and
              the Theory of Computing},
    VOLUME = {19},
      YEAR = {1999},
    NUMBER = {3},
     PAGES = {375--401},
      ISSN = {0209-9683},
   MRCLASS = {68M10 (68M20)},
  MRNUMBER = {1723254},
       DOI = {10.1007/s004930050061},
       URL = {http://dx.doi.org/10.1007/s004930050061},
}


@inproceedings{iwama_lower_five,
 author = {Iwama, Kazuo and Morizumi, Hiroki},
 title = {An Explicit Lower Bound of $5n - O(n)$ for Boolean Circuits},
 booktitle = {Proceedings of the 27th International Symposium on Mathematical Foundations of Computer Science},
 series = {MFCS '02},
 year = {2002},
 isbn = {3-540-44040-2},
 pages = {353--364},
 numpages = {12},
 url = {http://dl-acm-org.ez67.periodicos.capes.gov.br/citation.cfm?id=645731.668364},
 acmid = {668364},
 publisher = {Springer-Verlag},
 address = {London, UK, UK},
} 

@article{andreev_monotone,
    AUTHOR = {Andreev, A. E.},
     TITLE = {A method for obtaining lower bounds on the complexity of
              individual monotone functions},
   JOURNAL = {Dokl. Akad. Nauk SSSR},
  FJOURNAL = {Doklady Akademii Nauk SSSR},
    VOLUME = {282},
      YEAR = {1985},
    NUMBER = {5},
     PAGES = {1033--1037},
      ISSN = {0002-3264},
   MRCLASS = {06E30 (03G05 68Q15 94C10)},
  MRNUMBER = {796937},
MRREVIEWER = {J\'anos Demetrovics},
}

@article{alon_boppana,
    AUTHOR = {Alon, N. and Boppana, R. B.},
     TITLE = {The monotone circuit complexity of {B}oolean functions},
   JOURNAL = {Combinatorica},
  FJOURNAL = {Combinatorica. An International Journal of the J\'anos Bolyai
              Mathematical Society},
    VOLUME = {7},
      YEAR = {1987},
    NUMBER = {1},
     PAGES = {1--22},
      ISSN = {0209-9683},
   MRCLASS = {68Q15 (94C10)},
  MRNUMBER = {905147},
MRREVIEWER = {Ingo Wegener},
       URL = {https://doi.org/10.1007/BF02579196},
}
	
@article{razborov_boolean_85,
    AUTHOR = {Razborov, A. A.},
     TITLE = {Lower bounds on the monotone complexity of some {B}oolean
              functions},
   JOURNAL = {Dokl. Akad. Nauk SSSR},
  FJOURNAL = {Doklady Akademii Nauk SSSR},
    VOLUME = {281},
      YEAR = {1985},
    NUMBER = {4},
     PAGES = {798--801},
      ISSN = {0002-3264},
   MRCLASS = {68Q15 (03G05 06E30 94C10)},
  MRNUMBER = {785629},
MRREVIEWER = {Christian Posthoff},
}

@article{mcdiarmid_method_89,
  AUTHOR={McDiarmid, Colin},
  TITLE={On the method of bounded differences},
  JOURNAL={Surveys in combinatorics},
  VOLUME={141},
  NUMBER={1},
  PAGES={148--188},
  YEAR={1989},
  PUBLISHER={Norwich}
}